@inproceedings{smith2007tesseract,
  title={An Overview of the Tesseract OCR Engine},
  author={Smith, R.},
  booktitle={Proceedings of the International Conference on Document Analysis and Recognition (ICDAR)},
  year={2007}
}

@article{jaume2019funsd,
  title={FUNSD: Form Understanding in Noisy Scanned Documents},
  author={Jaume, G.},
  year={2019}
}

@article{xu2022layoutlmv3,
  title={LayoutLMv3: Pre-training for Document AI},
  author={Xu, Y. and others},
  journal={arXiv preprint arXiv:2204.08387},
  year={2022}
}

@misc{googlecloudvision,
  title={Cloud Vision OCR Documentation},
  author={{Google Cloud}},
  howpublished={Google Cloud Documentation},
  year={2023}
}

@misc{amazontextract,
  title={Textract Developer Guide},
  author={{Amazon AWS}},
  howpublished={AWS Documentation},
  year={2023}
}

@misc{paddleocr2023,
  title={PaddleOCR, Open Source OCR System},
  author={{PaddleOCR}},
  howpublished={GitHub Repository},
  year={2023}
}

@inproceedings{devlin2019bert,
  title={BERT: Pre-training of Deep Bidirectional Transformers},
  author={Devlin, J. and Chang, M.-W. and Lee, K. and Toutanova, K.},
  booktitle={Proceedings of the 2019 Conference of the North American Chapter of the Association for Computational Linguistics: Human Language Technologies (NAACL-HLT)},
  year={2019}
}

@misc{spacy2023,
  title={SpaCy NLP Library},
  author={{Explosion AI}},
  howpublished={Software Library},
  year={2023}
}

@misc{openpyxl2023,
  title={OpenPyXL Documentation},
  author={{Python Software Foundation}},
  howpublished={Python Library Documentation},
  year={2023}
}

@misc{sroie2019,
  title={SROIE Dataset, ICDAR 2019 Competition on Scanned Receipts OCR and Information Extraction},
  author={{ICDAR}},
  year={2019}
}